@article{cunniffe2015thirteen,
  title={Thirteen challenges in modelling plant diseases},
  author={Cunniffe, Nik J and Koskella, Britt and Metcalf, C Jessica E and Parnell, Stephen and Gottwald, Tim R and Gilligan, Christopher A},
  journal={Epidemics},
  volume={10},
  pages={6--10},
  year={2015},
  publisher={Elsevier}
}
@article{cunniffe2016modeling,
  title={Modeling when, where, and how to manage a forest epidemic, motivated by sudden oak death in California},
  author={Cunniffe, Nik J and Cobb, Richard C and Meentemeyer, Ross K and Rizzo, David M and Gilligan, Christopher A},
  journal={Proceedings of the National Academy of Sciences},
  volume={113},
  number={20},
  pages={5640--5645},
  year={2016},
  publisher={National Acad Sciences}
}
@article{mushayabasa2015modeling,
  title={Modeling the effects of multiple intervention strategies on controlling foot-and-mouth disease},
  author={Mushayabasa, Steady and Tapedzesa, Gift},
  journal={BioMed research international},
  volume={2015},
  year={2015},
  publisher={Hindawi}
}
@article{tildesley2006optimal,
  title={Optimal reactive vaccination strategies for a foot-and-mouth outbreak in the UK},
  author={Tildesley, Michael J and Savill, Nicholas J and Shaw, Darren J and Deardon, Rob and Brooks, Stephen P and Woolhouse, Mark EJ and Grenfell, Bryan T and Keeling, Matt J},
  journal={Nature},
  volume={440},
  number={7080},
  pages={83},
  year={2006},
  publisher={Nature Publishing Group}
}
@article{bajardi2012optimizing,
  title={Optimizing surveillance for livestock disease spreading through animal movements},
  author={Bajardi, Paolo and Barrat, Alain and Savini, Lara and Colizza, Vittoria},
  journal={Journal of the Royal Society Interface},
  volume={9},
  number={76},
  pages={2814--2825},
  year={2012},
  publisher={The Royal Society}
}
@article{kompas2017optimal,
  title={Optimal surveillance against foot-and-mouth disease: the case of bulk milk testing in Australia},
  author={Kompas, Tom and Ha, Pham Van and Nguyen, Hoa Thi Minh and East, Iain and Roche, Sharon and Garner, Graeme},
  journal={Australian Journal of Agricultural and Resource Economics},
  volume={61},
  number={4},
  pages={515--538},
  year={2017},
  publisher={Wiley Online Library}
}
@article{vanderwaal2017optimal,
  title={Optimal surveillance strategies for bovine tuberculosis in a low-prevalence country},
  author={VanderWaal, Kimberly and Enns, Eva A and Picasso, Catalina and Alvarez, Julio and Perez, Andres and Fernandez, Federico and Gil, Andres and Craft, Meggan and Wells, Scott},
  journal={Scientific reports},
  volume={7},
  number={1},
  pages={4140},
  year={2017},
  publisher={Nature Publishing Group}
}
@article{grechi2012designing,
  title={Designing integrated management scenarios using simulation-based and multi-objective optimization: Application to the peach tree--Myzus persicae aphid system},
  author={Grechi, Isabelle and Ould-Sidi, Mohamed-Mahmoud and Hilgert, Nadine and Senoussi, Rachid and Sauphanor, Beno{\^\i}t and Lescourret, Fran{\c{c}}oise},
  journal={Ecological Modelling},
  volume={246},
  pages={47--59},
  year={2012},
  publisher={Elsevier}
}
@article{cambra2006plum,
  title={Plum pox virus and the estimated costs associated with sharka disease},
  author={Cambra, Mariano and Capote, Nieves and Myrta, Arben and Ll{\'a}cer, G},
  journal={EPPO Bulletin},
  volume={36},
  number={2},
  pages={202--204},
  year={2006},
  publisher={Wiley Online Library}
}
@article{rimbaud2015sharka,
  title={Sharka epidemiology and worldwide management strategies: learning lessons to optimize disease control in perennial plants},
  author={Rimbaud, Loup and Dallot, Sylvie and Gottwald, Tim and Decroocq, V{\'e}ronique and Jacquot, Emmanuel and Soubeyrand, Samuel and Th{\'e}baud, Ga{\"e}l},
  journal={Annual review of phytopathology},
  volume={53},
  pages={357--378},
  year={2015},
  publisher={Annual Reviews}
}
@article{pleydell2018estimation,
  title={Estimation of the dispersal distances of an aphid-borne virus in a patchy landscape},
  author={Pleydell, David RJ and Soubeyrand, Samuel and Dallot, Sylvie and Labonne, G{\'e}rard and Chad{\oe}uf, Jo{\"e}l and Jacquot, Emmanuel and Th{\'e}baud, Ga{\"e}l},
  journal={PLoS computational biology},
  volume={14},
  number={4},
  pages={e1006085},
  year={2018},
  publisher={Public Library of Science}
}
@article{rimbaud2018using,
  title={Using sensitivity analysis to identify key factors for the propagation of a plant epidemic},
  author={Rimbaud, Loup and Bruchou, Claude and Dallot, Sylvie and Pleydell, David RJ and Jacquot, Emmanuel and Soubeyrand, Samuel and Th{\'e}baud, Ga{\"e}l},
  journal={Royal Society open science},
  volume={5},
  number={1},
  pages={171435},
  year={2018},
  publisher={The Royal Society}
}
@article{rimbaud2018heuristic,
  title={Heuristic optimisation of the management strategy of a plant epidemic using sequential sensitivity analyses},
  author={Rimbaud, Loup and Dallot, Sylvie and Bruchou, Claude and Thoyer, Sophie and Jacquot, Emmanuel and Soubeyrand, Samuel and Th{\'e}baud, Ga{\"e}l},
  journal={bioRxiv},
  pages={315747},
  year={2018},
  publisher={Cold Spring Harbor Laboratory}
}
@article{picard2018,
title={Analyzing the influence of landscape aggregation on disease spread to improve management strategies},
journal={(in prep.)},
year={2018}
}

@book{mockus2012bayesian,
  title={Bayesian approach to global optimization: theory and applications},
  author={Mockus, Jonas},
  volume={37},
  year={2012},
  publisher={Springer Science \& Business Media}
}

@article{rios2013derivative,
  title={Derivative-free optimization: a review of algorithms and comparison of software implementations},
  author={Rios, Luis Miguel and Sahinidis, Nikolaos V},
  journal={Journal of Global Optimization},
  volume={56},
  number={3},
  pages={1247--1293},
  year={2013},
  publisher={Springer}
}

@article{shahriari2016taking,
  title={Taking the human out of the loop: A review of bayesian optimization},
  author={Shahriari, Bobak and Swersky, Kevin and Wang, Ziyu and Adams, Ryan P and De Freitas, Nando},
  journal={Proceedings of the IEEE},
  volume={104},
  number={1},
  pages={148--175},
  year={2016},
  publisher={IEEE}
}

@inproceedings{snelson2004warped,
  title={Warped gaussian processes},
  author={Snelson, Edward and Ghahramani, Zoubin and Rasmussen, Carl E},
  booktitle={Advances in neural information processing systems},
  pages={337--344},
  year={2004}
}

@inproceedings{snoek2014input,
  title={Input warping for bayesian optimization of non-stationary functions},
  author={Snoek, Jasper and Swersky, Kevin and Zemel, Rich and Adams, Ryan},
  booktitle={International Conference on Machine Learning},
  pages={1674--1682},
  year={2014}
}
